@article{Englund2000,
  author = {Englund, S. R. and {O'Brien}, J. J. and Clark, D. B.},
  title = {Evaluation of digital and film hemispherical photography and spherical densiometry for measuring forest light environments},
  year = 2000,
  journal = {Canadian Journal of Forest Research},
  volume = {30},
  number = {},
  pages = {1999-2005},
  FILE = {~/Documents/papers/englund_2000.pdf}
}

@article{Hu2009,
  doi = {10.1016/j.agrformet.2008.11.008},
  url = {https://doi.org/10.1016%2Fj.agrformet.2008.11.008},
  year = 2009,
  month = {may},
  publisher = {Elsevier {BV}},
  volume = {149},
  number = {5},
  pages = {862--872},
  author = {Lile Hu and Jiaojun Zhu},
  title = {Determination of the tridimensional shape of canopy gaps using two hemispherical photographs},
  journal = {Agricultural and Forest Meteorology}
}

@article{Paletto2009,
  doi = {10.1007/s10342-009-0262-x},
  url = {https://doi.org/10.1007%2Fs10342-009-0262-x},
  year = 2009,
  month = {feb},
  publisher = {Springer Science and Business Media {LLC}},
  volume = {128},
  number = {3},
  pages = {265--272},
  author = {Alessandro Paletto and Vittorio Tosi},
  title = {Forest canopy cover and canopy closure: comparison of assessment techniques},
  journal = {European Journal of Forest Research}
}

@article{Frazer2001,
  doi = {10.1016/s0168-1923(01)00274-x},
  url = {https://doi.org/10.1016%2Fs0168-1923%2801%2900274-x},
  year = 2001,
  month = {sep},
  publisher = {Elsevier {BV}},
  volume = {109},
  number = {4},
  pages = {249--263},
  author = {Gordon W. Frazer and Richard A. Fournier and J.A. Trofymow and Ronald J. Hall},
  title = {A comparison of digital and film fisheye photography for analysis of forest canopy structure and gap light transmission},
  journal = {Agricultural and Forest Meteorology}
}

@article{Jonckheere2004,
	doi = {10.1016/j.agrformet.2003.08.027},
	year = 2004,
	volume = {121},
	number = {1-2},
	pages = {19--35},
	author = {Inge Jonckheere and Stefan Fleck and Kris Nackaerts and Bart Muys and Pol Coppin and Marie Weiss and Fr{\'{e}}d{\'{e}}ric Baret},
	title = {Review of methods for in situ leaf area index determination},
	journal = {Agricultural and Forest Meteorology}
}

@article{Jonckheere2005,
  doi = {10.1016/j.agrformet.2005.06.003},
  url = {https://doi.org/10.1016%2Fj.agrformet.2005.06.003},
  year = 2005,
  month = {sep},
  publisher = {Elsevier {BV}},
  volume = {132},
  number = {1-2},
  pages = {96--114},
  author = {Inge Jonckheere and Kris Nackaerts and Bart Muys and Pol Coppin},
  title = {Assessment of automatic gap fraction estimation of forests from digital hemispherical photography},
  journal = {Agricultural and Forest Meteorology}
}

@article{Jupp2009,
  author = {Jupp, D. L. B. and Culvenor, D. S. and Lovell, J. L. and Newnham, G. J. and Strahler, A. H. and Woodcock, C. E.},
  title = {Estimating forest LAI profiles and structural parameters using a ground-based laser called `Echidna'},
  year = 2008,
  journal = {Tree Physiology},
  volume = {29},
  number = {},
  pages = {171--181},
  FILE = {~/Documents/papers/jupp_2009.pdf},
  DOI = { 10.1093/treephys/tpn022 }
}

@article{Seidel2011,
  author = {Seidel, D. and Fleck, S. and Leuschner, C.},
  title = {Review of ground-based methods to measure the distribution of biomass in forest canopies},
  year = 2011,
  journal = {Annals of Forest Science},
  volume = {68},
  number = {},
  pages = {225--244},
  FILE = {~/Documents/papers/seidel_2019.pdf},
  DOI = { 10.1007/s13595-011-0040-z }
}

@article{Macfarlane2014,
  author = {Macfarlane, C. and Ryu, Y. and Ogden, G. N. and Sonnentag, O.},
  title = {Digital canopy photography: exposed and in the raw},
  year = 2014,
  journal = {Agricultural and Forest Meteorology},
  volume = {197},
  number = {},
  pages = {254--253},
  FILE = {~/Documents/papers/macfarlane_2014.pdf},
  DOI = { 10.1016/j.agrformet.2014.05.014 }
}

@article{Brusa2014,
  author = {Brusa, A. and Bunker, D. E.},
  year = 2014,
  title = {Increasing the precision of canopy closure estimates from hemispherical photography: Blue channel analysis and under-exposure},
  journal = {Agricultural and Forest Meteorology},
  volume = {195-196},
  number = {},
  pages = {102--107},
  FILE = {~/Documents/papers/brusa_bunker_2014.pdf},
  DOI = { 10.1016/j.agrformet.2014.05.001 }
}

@article{Demarez2008,
  doi = {10.1016/j.agrformet.2007.11.015},
  url = {https://doi.org/10.1016%2Fj.agrformet.2007.11.015},
  year = 2008,
  month = {apr},
  publisher = {Elsevier {BV}},
  volume = {148},
  number = {4},
  pages = {644--655},
  author = {Val{\'{e}}rie Demarez and Sylvie Duthoit and Fr{\'{e}}d{\'{e}}ric Baret and Marie Weiss and G{\'{e}}rard Dedieu},
  title = {Estimation of leaf area and clumping indexes of crops with hemispherical photographs},
  journal = {Agricultural and Forest Meteorology}
}

@article{Huang1995,
  author = {Huang, L. and Wang, M. J.},
  title = {Image thresholding by minimizing the measures of fuzziness},
  year = 1995,
  journal = {Pattern Recognition},
  volume = {28},
  number = {1},
  pages = {41--51},
  FILE = {~/Documents/papers/huang_1995.pdf},
  DOI = { 0031-3203/95 }
}

@manual{Steege2018,
  title = {Hemiphot.R: Free R scripts to analyse hemispherical photographs for canopy openness, leaf area index and photosynthetic active radiation under forest canopies},
  author = {{ter Steege}, H.},
  year = 2018,
  note = {Unpublished report},
  publisher = {Naturalis Biodiversity Center},
  address = {Leiden, The Netherlands},
  URL = {https://github.com/Naturalis/Hemiphot}
 }

@article{Schneider2012,
  doi = {10.1038/nmeth.2089},
  url = {https://doi.org/10.1038%2Fnmeth.2089},
  year = 2012,
  month = {jun},
  publisher = {Springer Science and Business Media {LLC}},
  volume = {9},
  number = {7},
  pages = {671--675},
  author = {Caroline A Schneider and Wayne S Rasband and Kevin W Eliceiri},
  title = {{NIH} Image to {ImageJ}: 25 years of image analysis},
  journal = {Nature Methods}
}

@article{Schindelin2012,
	doi = {10.1038/nmeth.2019},
	url = {https://doi.org/10.1038%2Fnmeth.2019},
	year = 2012,
	month = {jun},
	publisher = {Springer Science and Business Media {LLC}},
	volume = {9},
	number = {7},
	pages = {676--682},
	author = {Johannes Schindelin and Ignacio Arganda-Carreras and Erwin Frise and Verena Kaynig and Mark Longair and Tobias Pietzsch and Stephan Preibisch and Curtis Rueden and Stephan Saalfeld and Benjamin Schmid and Jean-Yves Tinevez and Daniel James White and Volker Hartenstein and Kevin Eliceiri and Pavel Tomancak and Albert Cardona},
	title = {Fiji: an open-source platform for biological-image analysis},
	journal = {Nature Methods}
}

@article{Rueden2017,
	doi = {10.1186/s12859-017-1934-z},
	url = {https://doi.org/10.1186%2Fs12859-017-1934-z},
	year = 2017,
	month = {nov},
	publisher = {Springer Science and Business Media {LLC}},
	volume = {18},
	number = {1},
	author = {Curtis T. Rueden and Johannes Schindelin and Mark C. Hiner and Barry E. DeZonia and Alison E. Walter and Ellen T. Arena and Kevin W. Eliceiri},
	title = {{ImageJ}2: {ImageJ} for the next generation of scientific image data},
	journal = {{BMC} Bioinformatics}
}
@article{Zhang2005,
  doi = {10.1016/j.agrformet.2005.09.009},
  url = {https://doi.org/10.1016%2Fj.agrformet.2005.09.009},
  year = 2005,
  month = {nov},
  publisher = {Elsevier {BV}},
  volume = {133},
  number = {1-4},
  pages = {166--181},
  author = {Yongqin Zhang and Jing M. Chen and John R. Miller},
  title = {Determining digital hemispherical photograph exposure for leaf area index estimation},
  journal = {Agricultural and Forest Meteorology}
}

@article{Anderson1964,
  doi = {10.2307/2257780},
  url = {https://doi.org/10.2307%2F2257780},
  year = 1964,
  publisher = {{JSTOR}},
  volume = {52},
  number = {1},
  pages = {27},
  author = {Margaret C. Anderson},
  title = {Studies of the Woodland Light Climate: I. The Photographic Computation of Light Conditions},
  journal = {The Journal of Ecology}
}

@article{Jennings1999,
  doi = {10.1093/forestry/72.1.59},
  url = {https://doi.org/10.1093%2Fforestry%2F72.1.59},
  year = 1999,
  publisher = {Oxford University Press ({OUP})},
  volume = {72},
  number = {1},
  pages = {59--74},
  author = {S. Jennings},
  title = {Assessing forest canopies and understorey illumination: canopy closure, canopy cover and other measures},
  journal = {Forestry}
}

@article{Macfarlane2007a,
  doi = {10.1016/j.agrformet.2006.10.013},
  url = {https://doi.org/10.1016%2Fj.agrformet.2006.10.013},
  year = 2007,
  publisher = {Elsevier {BV}},
  volume = {143},
  number = {3-4},
  pages = {176--188},
  author = {Macfarlane, C. and Hoffman, M. and Eamus, D. and Kerp, N. and Higginson, S. and McMurtrie, R. and Adams, M.},
  title = {Estimation of leaf area index in eucalypt forest using digital photography},
  journal = {Agricultural and Forest Meteorology}
}

@article{Macfarlane2007b,
  doi = {10.1016/j.agrformet.2007.05.001},
  url = {https://doi.org/10.1016%2Fj.agrformet.2007.05.001},
  year = 2007,
  publisher = {Elsevier {BV}},
  volume = {146},
  number = {1-2},
  pages = {1--12},
  author = {Macfarlane, C. and Grigg, A. and Evangelista. C.},
  title = {Estimating forest leaf area using cover and fullframe fisheye photography: Thinking inside the circle},
  journal = {Agricultural and Forest Meteorology}
}

@article{Macfarlane2007c,
  doi = {10.1016/j.foreco.2007.02.021},
  url = {https://doi.org/10.1016%2Fj.foreco.2007.02.021},
  year = 2007,
  publisher = {Elsevier {BV}},
  volume = {242},
  number = {2-3},
  pages = {756--763},
  author = {Macfarlane, C. and Arndt, S. K. and Livesley, S. J. and Edgar, A. C. and White, D. A. and Adams, M. A. and Eamus, D.},
  title = {Estimation of leaf area index in eucalypt forest with vertical foliage, using cover and fullframe fisheye photography},
  journal = {Forest Ecology and Management}
}

@online{123di,
author = {Vincent Bockaert},
title  = {The 123 of digital imaging},
date   = {2019},
url    = {https://www.123di.com}
}

@article{Gower1991,
  doi = {10.2307/1940988},
  url = {https://doi.org/10.2307%2F1940988},
  year = 1991,
  publisher = {Wiley},
  volume = {72},
  number = {5},
  pages = {1896--1900},
  author = {Stith T. Gower and John M. Norman},
  title = {Rapid Estimation of Leaf Area Index in Conifer and Broad-Leaf Plantations},
  journal = {Ecology}
}

@online{GRS,
  author = {{Geographic Resource Solutions}},
  title = {{GRS Densitometer}},
  year = 2020,
  url = {http://www.grsgis.com/densitometer.html},
  urldate = {2020-10-01}
}

@article{Lemmon1956,
  author = {Lemmon, P. E.},
  title = {A Spherical Densiometer For Estimating Forest Overstory Density},
  journal = {Forest Science},
  volume = {2},
  number = {4},
  pages = {314-320},
  year = {1956},
  doi = {10.1093/forestscience/2.4.314},
}

@article{Korhonen2006,
  doi = {10.14214/sf.315},
  url = {https://doi.org/10.14214%2Fsf.315},
  year = 2006,
  publisher = {Finnish Society of Forest Science},
  volume = {40},
  number = {4},
  author = {Lauri Korhonen and Kari Korhonen and Miina Rautiainen and Pauline Stenberg},
  title = {Estimation of forest canopy cover: a comparison of field measurement techniques},
  journal = {Silva Fennica}
}

@article{Pekin2009,
	doi = {10.3390/rs1041298},
	year = 2009,
	volume = {1},
	number = {4},
	pages = {1298--1320},
	author = {Burak Pekin and Craig Macfarlane},
	title = {Measurement of Crown Cover and Leaf Area Index Using Digital Cover Photography and Its Application to Remote Sensing},
	journal = {Remote Sensing}
}

@article{Ryu2010,
	doi = {10.1016/j.agrformet.2009.08.007},
	year = 2010,
	volume = {150},
	number = {1},
	pages = {63--76},
	author = {Youngryel Ryu and Oliver Sonnentag and Tiit Nilson and Rodrigo Vargas and Hideki Kobayashi and Rebecca Wenk and Dennis D. Baldocchi},
	title = {How to quantify tree leaf area index in an open savanna ecosystem: A multi-instrument and multi-model approach},
	journal = {Agricultural and Forest Meteorology}
}

@online{dcp2010,
  author  = {Mark Fisher},
  title   = {The canopy in Sepilok Orangutan Rehabilitation Centre in the Malaysian Sabah District of North Borneo},
  year    = 2010,
  url     = {https://commons.wikimedia.org/wiki/File:JigsawCanopy.jpg},
  note    = {File: \ttfamily{JigsawCanopy.jpg}}
}

@manual{lai2000,
  author = {{Li-Cor}},
  title = {Plant canopy analyser operating manual},
  organization = {Li-Cor Inc.},
  address = {Lincoln NE, USA},
  year = 1992
}

@manual{accupar2013,
  author = {{AccuPAR}},
  title = {AccuPAR PAR/LAI Ceptometer Model LP-80 Operator's Manual},
  organization = {Decagon Devices Inc.},
  address = {Pullman WA, USA},
  year = 2013
}

@article{Goudriaan1988,
	doi = {10.1016/0168-1923(88)90089-5},
	year = 1988,
	volume = {43},
	number = {2},
	pages = {155--169},
	author = {J. Goudriaan},
	title = {The bare bones of leaf-angle distribution in radiation models for canopy photosynthesis and energy exchange},
	journal = {Agricultural and Forest Meteorology}
}

@article{Cutini1998,
	doi = {10.1016/s0378-1127(97)00269-7},
	year = 1998,
	volume = {105},
	number = {1-3},
	pages = {55--65},
	author = {Andrea Cutini and Giorgio Matteucci and Giuseppe Scarascia Mugnozza},
	title = {Estimation of leaf area index with the Li-Cor {LAI} 2000 in deciduous forests},
	journal = {Forest Ecology and Management}
}

@article{Fotis2018,
	doi = {10.1016/j.agrformet.2017.12.251},
	year = 2018,
	volume = {250-251},
	pages = {181--191},
	author = {Alex T. Fotis and Timothy H. Morin and Robert T. Fahey and Brady S. Hardiman and Gil Bohrer and Peter S. Curtis},
	title = {Forest structure in space and time: Biotic and abiotic determinants of canopy complexity and their effects on net primary productivity},
	journal = {Agricultural and Forest Meteorology}
}

@article{Chen2012,
	doi = {10.1029/2010gb003996},
	year = 2012,
	volume = {26},
	number = {1},
	author = {Jing M. Chen and Gang Mo and Jan Pisek and Jane Liu and Feng Deng and Misa Ishizawa and Douglas Chan},
	title = {Effects of foliage clumping on the estimation of global terrestrial gross primary productivity},
	journal = {Global Biogeochemical Cycles}
}
  
@article{Bartels2010,
	doi = {10.1890/09-1376.1},
	year = 2010,
	volume = {91},
	number = {7},
	pages = {1931--1938},
	author = {Samuel F. Bartels and Han Y. H. Chen},
	title = {Is understory plant species diversity driven by resource quantity or resource heterogeneity?},
	journal = {Ecology}
}

@article{Barbier2008,
	doi = {10.1016/j.foreco.2007.09.038},
	year = 2008,
	volume = {254},
	number = {1},
	pages = {1--15},
	author = {St{\'{e}}phane Barbier and Fr{\'{e}}d{\'{e}}ric Gosselin and Philippe Balandier},
	title = {Influence of tree species on understory vegetation diversity and mechanisms involved{\textemdash}A critical review for temperate and boreal forests},
	journal = {Forest Ecology and Management}
}
@article{Beckschafer2013,
	doi = {10.3832/ifor0957-006},
	year = 2013,
	volume = {6},
	number = {4},
	pages = {228--237},
	author = {P Beckschäfer and D Seidel and C Kleinn and J Xu},
	title = {On the exposure of hemispherical photographs in forests},
	journal = {{iForest} - Biogeosciences and Forestry}
}
@article{Macfarlane2000,
	doi = {10.1016/s0168-1923(99)00139-2},
	year = 2000,
	volume = {100},
	number = {2-3},
	pages = {155--168},
	author = {Craig Macfarlane and Michael Coote and Donald A. White and Mark A. Adams},
	title = {Photographic exposure affects indirect estimation of leaf area in plantations of Eucalyptus globulus Labill},
	journal = {Agricultural and Forest Meteorology}
}
@manual{imagemagick,
  author = {{The ImageMagick Development Team}},
  title = {ImageMagick},
  url = {https://imagemagick.org},
  version = {7.0.10},
  date = {2021-01-04},
}
