@article{melrose2012,
	author = {Melrose}
	}
